% Pattern Duda
% Deep Learning Book
% Tutorial for HMM
% Fundamentals of speech recognition Rabiner - HMM np.
% https://web.stanford.edu/class/cs224s/lectures/
% The HTK Book file:///home/michal/Downloads/The-HTK-book.pdf
% Homayoon Beigi Fundamentals ofSpeaker Recognitio - no jest troszeczkę
% http://www.practicalcryptography.com/miscellaneous/machine-learning/guide-mel-frequency-cepstral-coefficients-mfccs/
% https://dsp.stackexchange.com/questions/19564/cepstral-mean-normalization

% Wyróżnione
% Parallel Speaker and Content Modelling for Text-dependent Speaker Verification https://pdfs.semanticscholar.org/fcb5/af7bbb24e3bea6564e57e3a2cceca6af5481.pdf
% COMPARISON OF MULTIPLE FEATURES AND MODELING METHODS FORTEXT-DEPENDENT SPEAKER VERIFICATION https://arxiv.org/pdf/1707.04373.pdf

% W sumie nie wiem, miałem w zakładkach
% Deep Neural Networks for extracting Baum-Welch statistics for SpeakerRecognition 
% A NOVEL SCHEME FOR SPEAKER RECOGNITION USING A PHONETICALLY-AWARE DEEP NEURAL NETWORK http://ieeexplore.ieee.org/ielx7/6844297/6853544/06853887.pdf?tp=&arnumber=6853887&isnumber=6853544#pdfjs.action=download
% A tutorial on text-independent speaker verification
% OPTIMISATION OF NEURAL MODELSS5.1 FOR SPEAKER IDENTIFICATION http://ieeexplore.ieee.org/ielx5/132/3385/00115617.pdf?tp=&arnumber=115617&isnumber=3385&tag=1#pdfjs.action=download
% DEEP NEURAL NETWORKS BASED SPEAKER MODELING AT DIFFERENT LEVELS OF PHONETIC GRANULARITY http://ieeexplore.ieee.org/ielx7/7943262/7951776/07953196.pdf?tp=&arnumber=7953196&isnumber=7951776#pdfjs.action=download
% Front-End Factor Analysis for Speaker Verification http://ieeexplore.ieee.org/ielx5/10376/5710472/05545402.pdf?tp=&arnumber=5545402&isnumber=5710472&tag=1#pdfjs.action=download
% DEEP NEURAL NETWORK-BASED SPEAKER EMBEDDINGS FOR END-TO-END SPEAKER VERIFICATION http://ieeexplore.ieee.org/ielx7/7836849/7846230/07846260.pdf?tp=&arnumber=7846260&isnumber=7846230#pdfjs.action=download
% PLDA FOR SPEAKER VERIFICATION WITH UTTERANCES OF ARBITRARY DURATION http://ieeexplore.ieee.org/ielx7/6619549/6637585/06639151.pdf?tp=&arnumber=6639151&isnumber=6637585#pdfjs.action=download
% Speaker Adaptive Bottleneck Features Extraction for LVCSR Based on Discriminative Learning of Speaker Codes http://ieeexplore.ieee.org/ielx7/6924027/6936571/06936584.pdf?tp=&arnumber=6936584&isnumber=6936571#pdfjs.action=download

% Z opisami
% DNN based Speaker Recognition on Short Utterances https://arxiv.org/pdf/1610.03190.pdf
% TIME DELAY DEEP NEURAL NETWORK-BASED UNIVERSAL BACKGROUND MODELSFOR SPEAKER RECOGNITION http://ieeexplore.ieee.org/document/7404779/
% IMPROVING SPEAKER RECOGNITION PERFORMANCE IN THE DOMAIN ADAPTATIONCHALLENGE USING DEEP NEURAL NETWORKS http://ieeexplore.ieee.org/document/7078604/
% Deep Neural Networks for extractingBaum-Welch statistics for Speaker Recognition http://cs.uef.fi/odyssey2014/program/pdfs/28.pdf http://www.crim.ca/perso/patrick.kenny/stafylakis_Odyssey_14_presentation.pdf (presentation)¶
% NEW TYPES OF DEEP NEURAL NETWORK LEARNING FOR SPEECH RECOGNITION AND RELATED APPLICATIONS: AN OVERVIEW http://ieeexplore.ieee.org/document/6639344/¶
% Deep Neural Network Approaches to Speaker and Language Recognition https://groups.csail.mit.edu/sls/publications/2015/Dehak_IEEE-2015.pdf¶
% AANN: an alternative to GMM for pattern recognition

% Sequence Dependent - Category
% A NOVEL SCHEME FOR SPEAKER RECOGNITION USING A PHONETICALLY-AWAREDEEP NEURAL NETWORK http://ieeexplore.ieee.org/document/6853887/
% AN ITERATIVE DEEP LEARNING FRAMEWORK FOR UNSUPERVISED DISCOVERY OFSPEECH FEATURES AND LINGUISTIC UNITS WITH APPLICATIONS ON SPOKEN TERMDETECTION https://arxiv.org/pdf/1602.00426.pdf
% DEEP NEURAL NETWORKS BASED SPEAKER MODELING AT DIFFERENT LEVELS OF PHONETIC GRANULARITY
% Deep Neural Network based Text-Dependent Speaker Recognition:Preliminary Results

% Bottleneck Features - Category
% Investigation of Bottleneck Features and Multilingual Deep Neural Networks for Speaker Verification https://pdfs.semanticscholar.org/ab77/e56b705cde2e6e045102537b905d87c21ad4.pdf

% Google - End to End global password - Category
% End-to-End Text-Dependent Speaker Verification https://static.googleusercontent.com/media/research.google.com/pl//pubs/archive/44681.pdf
% Locally-Connected and Convolutional Neural Networks for Small FootprintSpeaker Recognition

% RedDots - Category 
% Utterance Verification for Text-Dependent Speaker Recognition: aComparative Assessment Using the RedDots Corpus http://cs.uef.fi/sipu/pub/1125.pdf
% EXPLOITING SEQUENCE INFORMATION FOR TEXT-DEPENDENT SPEAKER VERIFICATION https://infoscience.epfl.ch/record/225954/files/Dey_Idiap-RR-04-2017.pdf
% Parallel Speaker and Content Modelling for Text-dependent Speaker Verification https://pdfs.semanticscholar.org/fcb5/af7bbb24e3bea6564e57e3a2cceca6af5481.pdf
% COMPARISON OF MULTIPLE FEATURES AND MODELING METHODS FORTEXT-DEPENDENT SPEAKER VERIFICATION https://arxiv.org/pdf/1707.04373.pdf
% Tandem Features for Text-dependent Speaker Verification on the RedDots Corpus http://www.crim.ca/perso/patrick.kenny/Alam_interspeech2016.pdf
% i-vector/HMM Based Text-dependent Speaker Verification System for RedDots Challenge http://www.fit.vutbr.cz/research/groups/speech/publi/2016/zeinali_interspeech2016_IS161174.pdf

% Random
% Deep Speech: Scaling up end-to-endspeech recognition https://arxiv.org/pdf/1412.5567.pdf
% Fader Networks:Manipulating Images by Sliding Attributes https://arxiv.org/pdf/1706.00409.pdf


% Część teoretyczna
@Book{deeplearningbook,
    title={Deep Learning},
    author={Ian Goodfellow and Yoshua Bengio and Aaron Courville},
    publisher={MIT Press},
    note={\url{http://www.deeplearningbook.org}},
    year={2016}
}

@Book{TAPL,
 author = {Pierce, Benjamin},
 title = {Types and programming languages},
 publisher = {MIT Press},
 year = {2002},
 address = {Cambridge, Mass},
 isbn = {978-0-262-16209-8}
}

@Book{Dragon,
 author = {Aho, Alfred},
 title = {Compilers : principles, techniques, and tools},
 publisher = {Pearson},
 year = {2014},
 address = {Harlow, Essex},
 isbn = {978-1292024349}
}

@InCollection{AOSA,
	title = "The {G}lasgow {H}askell {C}ompiler",
	author = "S. Marlow and S. {Peyton Jones}",
	editor = "A. Brown and G. Wilson",
	chapter = "5",
	volume = "II",
	year = "2012",
	booktitle = "The Architecture of Open Source Applications",
	url = "http://www.aosabook.org/en/ghc.html"
}

@Book{LearnYouAHaskell,
 author = {Lipova\v{c}a, Miran},
 title = {Learn you a Haskell for great good! a beginner's guide},
 publisher = {No Starch Press},
 year = {2011},
 address = {San Francisco, Calif},
 isbn = {978-1-59327-283-8}
}

@Book{RealWorldHaskell,
 author = {Sullivan, Bryan},
 title = {Real world Haskell},
 publisher = {O'Reilly},
 year = {2009},
 address = {Sebastopol, CA},
 isbn = {0-596-51498-0}
}

% Rozszerzenia
@techreport{ExtPhantomTypes,
    author = {James Cheney and Ralf Hinze},
    title = {First-class phantom types},
    institution = {Cornell University},
    year = {2003}
}

@inproceedings{ExtGADTs,
 author = {Peyton Jones, Simon and Vytiniotis, Dimitrios and Weirich, Stephanie and Washburn, Geoffrey},
 title = {Simple Unification-based Type Inference for GADTs},
 booktitle = {Proceedings of the Eleventh ACM SIGPLAN International Conference on Functional Programming},
 series = {ICFP '06},
 year = {2006},
 isbn = {1-59593-309-3},
 location = {Portland, Oregon, USA},
 pages = {50--61},
 numpages = {12},
 url = {http://doi.acm.org/10.1145/1159803.1159811},
 doi = {10.1145/1159803.1159811},
 acmid = {1159811},
 publisher = {ACM},
 address = {New York, NY, USA},
 keywords = {generalized algebraic data types, type inference},
} 

@inproceedings{ExtPromotion,
 author = {Yorgey, Brent A. and Weirich, Stephanie and Cretin, Julien and Peyton Jones, Simon and Vytiniotis, Dimitrios and Magalh\~{a}es, Jos{\'e} Pedro},
 title = {Giving Haskell a Promotion},
 booktitle = {Proceedings of the 8th ACM SIGPLAN Workshop on Types in Language Design and Implementation},
 series = {TLDI '12},
 year = {2012},
 isbn = {978-1-4503-1120-5},
 location = {Philadelphia, Pennsylvania, USA},
 pages = {53--66},
 numpages = {14},
 url = {http://doi.acm.org/10.1145/2103786.2103795},
 doi = {10.1145/2103786.2103795},
 acmid = {2103795},
 publisher = {ACM},
 address = {New York, NY, USA},
 keywords = {haskell, kinds, polymorphism, promotion},
} 
@incollection{ExtFunDeps,
  added-at = {2014-06-20T14:18:24.000+0200},
  author = {Jones, Mark P.},
  biburl = {http://www.bibsonomy.org/bibtex/23f6311dfec3bdb907751833427b68d16/mhwombat},
  booktitle = {Programming Languages and Systems},
  doi = {10.1007/3-540-46425-5_15},
  editor = {Smolka, Gert},
  interhash = {0c60e0cf4a39212c853b5e2f04588754},
  intrahash = {3f6311dfec3bdb907751833427b68d16},
  isbn = {978-3-540-67262-3},
  keywords = {dependencies functional fundeps haskell},
  language = {English},
  pages = {230-244},
  publisher = {Springer Berlin Heidelberg},
  series = {Lecture Notes in Computer Science},
  timestamp = {2014-07-07T17:22:36.000+0200},
  title = {Type Classes with Functional Dependencies},
  url = {http://dx.doi.org/10.1007/3-540-46425-5_15},
  volume = 1782,
  year = 2000
}

@inproceedings{ExtAssocTyFams,
 author = {Chakravarty, Manuel M. T. and Keller, Gabriele and Jones, Simon Peyton},
 title = {Associated Type Synonyms},
 booktitle = {Proceedings of the Tenth ACM SIGPLAN International Conference on Functional Programming},
 series = {ICFP '05},
 year = {2005},
 isbn = {1-59593-064-7},
 location = {Tallinn, Estonia},
 pages = {241--253},
 numpages = {13},
 url = {http://doi.acm.org/10.1145/1086365.1086397},
 doi = {10.1145/1086365.1086397},
 acmid = {1086397},
 publisher = {ACM},
 address = {New York, NY, USA},
 keywords = {associated types, generic programming, type classes, type functions, type inference},
} 

@inproceedings{ExtAssocTypesWithClass,
 author = {Chakravarty, Manuel M. T. and Keller, Gabriele and Jones, Simon Peyton and Marlow, Simon},
 title = {Associated Types with Class},
 booktitle = {Proceedings of the 32Nd ACM SIGPLAN-SIGACT Symposium on Principles of Programming Languages},
 series = {POPL '05},
 year = {2005},
 isbn = {1-58113-830-X},
 location = {Long Beach, California, USA},
 pages = {1--13},
 numpages = {13},
 url = {http://doi.acm.org/10.1145/1040305.1040306},
 doi = {10.1145/1040305.1040306},
 acmid = {1040306},
 publisher = {ACM},
 address = {New York, NY, USA},
 keywords = {associated types, self-optimising libraries, type classes, type-directed translation, type-indexed types},
} 

@inproceedings{ExtClosedTyFams,
 author = {Eisenberg, Richard A. and Vytiniotis, Dimitrios and Peyton Jones, Simon and Weirich, Stephanie},
 title = {Closed Type Families with Overlapping Equations},
 booktitle = {Proceedings of the 41st ACM SIGPLAN-SIGACT Symposium on Principles of Programming Languages},
 series = {POPL '14},
 year = {2014},
 isbn = {978-1-4503-2544-8},
 location = {San Diego, California, USA},
 pages = {671--683},
 numpages = {13},
 url = {http://doi.acm.org/10.1145/2535838.2535856},
 doi = {10.1145/2535838.2535856},
 acmid = {2535856},
 publisher = {ACM},
 address = {New York, NY, USA},
 keywords = {haskell, system fc, type families, type-level computation},
} 

% Część techniczna
% GHC Wiki, linki muszą prowadzić bezpośrednio do zasobów, nie wystarczy jeden do indexu
@Misc{WikiNewcomers,
	key = "Newcomers - GHC",
	title = "{Newcomers - GHC}",
	howpublished = "\url{https://ghc.haskell.org/trac/ghc/wiki/Newcomers}",
    note = "(Stan na dzień: 2015-01-31)"
}

@Misc{WikiFixingBugs,
	key = "WorkingConventions/FixingBugs - GHC",
	title = "{WorkingConventions/FixingBugs - GHC}",
	howpublished = "\url{https://ghc.haskell.org/trac/ghc/wiki/WorkingConventions/FixingBugs}",
    note = "(Stan na dzień: 2015-01-31)"
}

@Misc{WikiGettingTheSources,
	key = "Building/GettingTheSources - GHC",
	title = "{Building/GettingTheSources - GHC}",
	howpublished = "\url{https://ghc.haskell.org/trac/ghc/wiki/Building/GettingTheSources}",
    note = "(Stan na dzień: 2015-01-31)"
}

@Misc{WikiPreparation,
	key = "Building/Preparation - GHC",
	title = "{Building/Preparation - GHC}",
	howpublished = "\url{https://ghc.haskell.org/trac/ghc/wiki/Building/Preparation}",
    note = "(Stan na dzień: 2015-01-31)"
}
% Ten komentarz jest tu dlatego, by wywołanie make web-sources dodatkowo skopiowało te podstrony.
% \url{https://ghc.haskell.org/trac/ghc/wiki/Building/Preparation/Linux}
% \url{https://ghc.haskell.org/trac/ghc/wiki/Building/Preparation/MacOSX}
% \url{https://ghc.haskell.org/trac/ghc/wiki/Building/Preparation/Windows}

@Misc{WikiBuildSystem,
	key = "Building/Using - GHC",
	title = "{Building/Using - GHC}",
	howpublished = "\url{https://ghc.haskell.org/trac/ghc/wiki/Building/Using}",
    note = "(Stan na dzień: 2015-01-31)"
}

@Misc{WikiPhabricator,
	key = "Phabricator - GHC",
	title = "{Phabricator - GHC}",
	howpublished = "\url{https://ghc.haskell.org/trac/ghc/wiki/Phabricator}",
    note = "(Stan na dzień: 2015-01-31)"
}

@Misc{WikiInjectiveTypeFamilies,
	key = "InjectiveTypeFamilies - GHC",
	title = "{InjectiveTypeFamilies - GHC}",
	howpublished = "\url{https://ghc.haskell.org/trac/ghc/wiki/InjectiveTypeFamilies}",
    note = "(Stan na dzień: 2015-01-31)"
}

@Misc{WikiTickets,
	key = "Status/Tickets - GHC",
	title = "{Status/Tickets - GHC}",
	howpublished = "\url{https://ghc.haskell.org/trac/ghc/wiki/Status/Tickets}",
    note = "(Stan na dzień: 2015-01-31)"
}

% Haskell Wiki
@Misc{WikiImplementations,
	key = "Implementations - HaskellWiki",
	title = "{Implementations - HaskellWiki}",
	howpublished = "\url{https://wiki.haskell.org/Implementations}",
    note = "(Stan na dzień: 2015-01-31)"
}

@Misc{WikiSpecification,
	key = "Language and library specification - HaskellWiki",
	title = "{Language and library specification - HaskellWiki}",
	howpublished = "\url{https://wiki.haskell.org/Language_and_library_specification}",
    note = "(Stan na dzień: 2015-01-31)"
}

@Misc{WikiIndexedTypes,
	key = "GHC/Type families - HaskellWiki",
	title = "{GHC/Type families - HaskellWiki}",
	howpublished = "\url{https://wiki.haskell.org/GHC/Indexed_types}",
    note = "(Stan na dzień: 2015-01-31)"
}

% GHC User's Guide
@Misc{GuideTypeFamilies,
	key = "Type families",
	title = "{Type families}",
	howpublished = "\url{https://downloads.haskell.org/~ghc/latest/docs/html/users_guide/type-families.html}",
    note = "(Stan na dzień: 2015-01-31)"
}

@Misc{GuidePartialTypeSignatures,
    key = "Partial Type Signatures",
	title = "{Partial Type Signatures}",
	howpublished = "\url{https://downloads.haskell.org/~ghc/latest/docs/html/users_guide/partial-type-signatures.html}",
    note = "(Stan na dzień: 2015-01-31)"
}

% Dokumentacje
@Misc{DocsHappy,
	key = "Happy Documentation",
	title = "{Happy Documentation}",
	howpublished = "\url{https://www.haskell.org/happy/doc/happy.pdf}",
    note = "(Stan na dzień: 2015-01-31)"
}

@Misc{DocsAlex,
	key = "Alex Documentation",
	title = "{Alex Documentation}",
	howpublished = "\url{https://www.haskell.org/alex/doc/alex.pdf}",
    note = "(Stan na dzień: 2015-01-31)"
}

@Misc{UHCUserGuide,
	key = "UHCUserDocumentation \textless\ Ehc \textless\ UCCS",
	title = "{UHCUserDocumentation \textless\ Ehc \textless\ UCCS}",
	howpublished = "\url{http://foswiki.cs.uu.nl/foswiki/Ehc/UhcUserDocumentation}",
    note = "(Stan na dzień: 2015-01-31)"
}
